5187 6937
1024 849 1061 895 x
2146 845 2241 899 lx

706 1009 886 1102 pra,
947 970 1170 1096 quod
1216 971 1407 1094 jura
1450 967 1767 1058 Brineoe
1827 984 1908 1058 et
1956 967 2231 1058 Bolani
2297 985 2776 1065 remaneant
2816 969 2898 1060 in
2959 1000 3057 1061 eo
3111 956 3331 1064 statu
3374 973 3458 1063 in
3523 1006 3688 1098 quo

706 1149 922 1211 nunc
982 1131 1168 1206 sunt
1214 1143 1474 1236 usque
1524 1111 1635 1203 ad
1682 1127 2001 1203 certum
2062 1128 2385 1235 tempus
2446 1110 2952 1234 eligendum,
2995 1127 3100 1224 et,
3127 1115 3679 1228 statuendum,

706 1292 851 1352 seu
926 1256 1531 1349 terminandum
1600 1253 1706 1348 ab
1776 1255 1957 1378 ipso
2020 1254 2368 1346 Domino
2434 1254 2835 1379 Episcopo
2903 1286 3010 1345 ex
3052 1289 3221 1347 una
3289 1274 3554 1381 parte,
3592 1276 3675 1349 et

707 1398 1052 1526 praesato
1091 1396 1440 1523 Domino
1478 1403 1539 1488 F
1540 1397 2042 1490 rancischino
2077 1399 2542 1490 Marchione
2591 1399 2784 1488 Mal.
2837 1433 2991 1523 pro
3029 1431 3120 1491 se
3177 1416 3259 1490 et
3317 1402 3684 1494 Dominis

706 1542 1201 1650 Conradino,
1269 1556 1355 1632 et
1410 1540 1851 1637 Morroello
1920 1542 2004 1634 in
2074 1560 2467 1666 quantum
2512 1541 2687 1666 ipse
2745 1542 3135 1635 Dominus
3205 1545 3682 1640 Morroellus

708 1706 884 1789 rata
925 1686 1229 1776 hahere
1277 1684 1615 1776 voluerit
1659 1685 2128 1809 supradicta
2158 1701 2241 1776 et
2287 1717 2389 1775 ex
2424 1682 2937 1808 infrascripta
2997 1684 3284 1777 altera.
3320 1691 3422 1774 Et
3460 1690 3682 1809 quod

702 1831 810 1922 ab
835 1862 935 1922 eo
962 1834 1340 1955 tempore
1359 1828 1575 1938 ultra
1599 1829 1717 1919 sic
1740 1828 1973 1919 dicto
2007 1843 2332 1937 statuto,
2361 1827 2490 1919 vel
2534 1827 2965 1921 terminato
3004 1828 3105 1921 sit
3145 1829 3450 1921 licitum
3479 1864 3678 1954 par-

703 1974 916 2066 tibus
967 1973 1399 2066 antedictis
1446 1972 1532 2064 in
1575 1975 1863 2062 Castro
1909 1971 2226 2062 Brineae
2269 1988 2351 2062 et
2391 1972 2672 2062 Bolani
2719 1973 3098 2097 prosequi
3138 1974 3330 2095 jura
3372 2008 3548 2085 sua,
3594 1993 3679 2066 et

671 2134 1038 2239 propter
1078 2115 1234 2207 hoc
1276 2115 1502 2238 quod
1545 2114 1663 2205 sic
1698 2115 1881 2238 ipsa
1914 2116 2105 2237 jura
2141 2131 2736 2238 prosequantur
2777 2115 3019 2205 dictae
3057 2131 3331 2239 partes
3369 2117 3496 2208 vel
3535 2118 3680 2208 ali-

698 2262 838 2386 qui
861 2266 1194 2368 Eorum,
1241 2290 1402 2349 non
1445 2257 1933 2380 intelligatur
1982 2289 2138 2379 pax
2177 2288 2356 2348 esse
2395 2257 2685 2349 fracta.
2720 2262 2824 2348 Et
2850 2290 3008 2380 pax
3038 2290 3223 2382 quae
3269 2261 3519 2351 modo
3546 2258 3671 2350 fa·
3773 2270 3776 2273 ’

698 2422 830 2495 cta
870 2420 996 2494 est
1054 2418 1138 2493 et
1185 2402 1282 2492 fit
1341 2432 1505 2493 non
1552 2399 1897 2524 deroget
1949 2399 2278 2522 juribus
2339 2400 2682 2524 alicujus
2727 2400 3135 2491 dictarum
3180 2402 3538 2525 partium
3582 2402 3668 2493 in

688 2548 883 2672 ipsis
924 2545 1228 2636 Castris
1268 2543 1584 2634 Brineae
1627 2560 1709 2635 et
1757 2543 2075 2634 Bolani.

928 2687 1575 2779 Convenerunt
1548 2718 1886 2811 insuper
1932 2718 2038 2778 ex
2082 2702 2323 2811 pacto
2362 2679 2729 2777 sollemni
2779 2682 3290 2808 stipulatione
3334 2683 3661 2795 vallato,

691 2834 904 2921 inter
961 2827 1453 2954 praedictum
1508 2827 1944 2918 Dominum
1992 2828 2482 2952 Episcopum
2536 2859 2640 2918 ex
2685 2860 2847 2917 una
2890 2842 3153 2951 parte,
3199 2842 3282 2915 et
3318 2831 3670 2919 Dantem

690 2969 1129 3063 Praefatum
1177 2975 1510 3061 Procur.
1558 2969 1768 3059 Dicti
1814 2970 2134 3061 Domini
2198 2969 2749 3061 Francischini
2796 2968 3289 3060 Marchionis
3366 2974 3670 3060 Procu—

607 3223 613 3229 ἡ
691 3112 989 3204 ratorio
1028 3111 1353 3202 nomine
1390 3144 1544 3235 pro
1580 3142 1683 3201 eo
1726 3144 1828 3203 ex
1889 3113 2142 3204 altera
2193 3111 2415 3237 quod
2462 3111 2902 3237 praedictus
2951 3110 3343 3201 Dominus
3403 3117 3465 3200 F
3467 3143 3664 3202 ran-—

691 3255 1092 3347 cischinus
1135 3255 1204 3344 si
1252 3288 1421 3346 non
1490 3271 1765 3378 posset
1811 3254 2201 3347 inducere
2267 3256 2575 3347 dictum
2623 3253 3064 3349 Dominum
3130 3251 3659 3345 Morroellum

697 3400 803 3493 ad
839 3399 1105 3522 omm‘a
1128 3397 1531 3522 pnndietn
1574 3395 2078 3505 ratificanda,
2119 3411 2203 3488 et
2238 3396 2479 3487 firma
2508 3396 2866 3487 tenenda
2906 3410 2995 3487 ut
3029 3426 3282 3520 supra
3324 3425 3659 3520 expres-

696 3578 914 3652 sum,
953 3564 1040 3634 et
1080 3541 1390 3632 dictum
1419 3610 1439 3629 .
1475 3608 1497 3628 .
1532 3608 1553 3628 .
1588 3609 1609 3628 .
1642 3535 1727 3617 (¹)
1773 3572 1936 3641 non
1981 3555 2255 3630 teneat
2293 3554 2377 3628 et
2415 3570 2515 3628 ex
2570 3570 2676 3628 eo
2736 3540 2863 3628 vel
2909 3554 3247 3661 propter
3294 3569 3392 3627 ea
3436 3538 3658 3662 quod

695 3690 806 3780 sic
837 3756 856 3776 .
892 3755 913 3774 .
946 3754 966 3775 .
1002 3753 1024 3773 .
1056 3681 1145 3762 (2)
1180 3682 1623 3772 Dominum
1683 3680 2211 3771 Morroellum
2259 3678 2537 3771 facere
2592 3678 3069 3785 consentire,
3109 3693 3191 3767 et
3250 3677 3659 3768 ratificare

696 3830 1089 3957 praedicta
1159 3858 1315 3918 nec
1383 3805 1559 3950 ipse
1631 3825 2022 3917 Dominus
2068 3826 2513 3950 Episcopus
2567 3795 2996 3946 obligetur,
3043 3854 3195 3913 nec
3262 3821 3657 3945 obligatus

700 3971 1185 4096 intelligatur
1277 3967 1384 4059 ad
1457 4000 1567 4091 pa
1599 4038 1620 4058 .
1655 4037 1675 4058 .
1709 4039 1728 4058 .
1768 4038 1788 4058 .
1822 3965 1907 4045 (5)
1932 4038 1952 4059 .
2001 3969 2438 4059 Morroello
2500 3984 2596 4060 et
2667 3965 3129 4057 hominibus
3209 3971 3655 4082 Terrarum
3710 3980 3720 3990 ’
3771 3963 3776 3968 ’

693 4116 968 4238 ipsiuS,
1005 4113 1071 4203 si
1111 4112 1224 4203 sic
1261 4128 1353 4202 ut
1399 4142 1649 4235 supra
1681 4142 1840 4200 non
1879 4111 2403 4218 consentiret,
2441 4125 2526 4200 et
2556 4109 3011 4199 ratificaret
3047 4108 3220 4270 ipse
3257 4107 3654 4196 Dominus

693 4257 1213 4363 Morroellus,
1284 4284 1439 4344 nec
1506 4252 1764 4344 robur
1822 4267 2180 4344 assumat
2238 4285 2445 4375 pax,
2503 4252 2704 4342 vel.
2853 4246 2993 4339 .(⁴)
3052 4250 3168 4340 sic
3216 4246 3430 4338 facta
3500 4277 3652 4370 pro

692 4401 867 4524 ipso
913 4398 1265 4488 Domino
1303 4393 1742 4484 Morroello
1799 4410 1884 4484 et
1940 4392 2397 4486 hominibus
2442 4391 2953 4485 Terrarum
2927 4392 3180 4515 ipsius
3217 4388 3368 4479 nisi
3406 4387 3522 4478 sic
3561 4404 3651 4478 ut

634 4541 639 4544 ’
693 4574 941 4667 supra
980 4542 1155 4663 ipse
1198 4538 1594 4629 Dominus
1652 4513 2135 4629 Morroellus
2185 4538 2715 4646 consenserit,
2774 4533 3329 4641 ratificaverit,
3375 4547 3457 4623 et
3507 4565 3653 4656 ap-

692 4684 1161 4809 probaverit
1206 4680 1476 4771 omnia
1504 4696 1599 4770 et
1635 4680 1947 4803 singula
1994 4681 2488 4805 supradicta,
2532 4697 2615 4771 et
2641 4678 3203 4845 infrascripta.

927 4832 1155 4918 Hanc
1197 4842 1469 4916 autem
1512 4856 1798 4947 pacem
1827 4840 1910 4915 et
1941 4856 2222 4916 veram
2265 4824 2785 4918 concordiam
2827 4822 3385 4915 remissionem
3411 4821 3649 4910 abso—

691 4971 1078 5062 lutionem
1122 4967 1679 5059 liberationem
1717 4983 1800 5059 et
1841 4967 2415 5091 quietationem
2459 4982 2540 5057 et
2569 4966 2840 5058 omnia
2881 4982 2972 5056 et
3008 4964 3323 5088 singula
3364 4992 3646 5082 supra-

693 5112 914 5202 dicta
948 5111 1501 5237 promiserunt
1528 5105 1681 5200 sibi
1720 5110 1829 5200 ad
1864 5110 2209 5201 invicem
2264 5108 2501 5202 dictae
2562 5126 2834 5233 partes
2847 5178 2867 5198 .
2941 5104 3338 5199 Videlicet
3381 5103 3646 5195 dictus

912 5476 1005 5556 (1)
1040 5482 1232 5541 Unum
1270 5483 1371 5541 aut
1406 5477 1523 5540 duo
1562 5476 1737 5539 verba
1776 5475 1985 5538 desunt
2036 5482 2212 5554 prout
2246 5476 2480 5538 minime
2518 5474 2895 5556 intelligibilia
2919 5518 2934 5534 .
3011 5473 3096 5552 (2)
3135 5479 3354 5550 Unum,
3390 5473 3507 5537 duo
3542 5480 3645 5537 aut

695 5576 806 5638 tria
845 5574 1025 5638 verba
1063 5574 1298 5639 desunt.
1376 5572 1461 5653 (5)
1496 5579 1689 5638 Unum
1727 5581 1828 5637 aut
1865 5575 1982 5639 duo
2018 5573 2196 5640 verba
2228 5574 2471 5638 desunt.
2546 5571 2633 5652 (4)
2670 5574 2752 5638 ld.
