5187 6937
2837 879 3034 932 Vll!

1444 1005 1999 1098 remissionem
2026 1001 2244 1095 dicto
2271 1004 2542 1092 DANTI
2568 1000 2989 1126 recipienti
3017 1017 3107 1093 ut
3145 1030 3394 1128 supra
3421 1004 3531 1097 de
3564 1005 3937 1096 omnibus
3965 1022 4048 1096 et
4075 1005 4407 1129 singulis

1442 1149 1714 1259 boniS,
1771 1148 1900 1241 vel
1955 1147 2204 1239 rebus
2264 1143 2653 1267 acceptiS,
2715 1174 2859 1234 seu
2915 1143 3205 1235 habitis
3267 1177 3421 1271 per
3477 1148 3698 1271 ipsos
3758 1148 4141 1239 Dominos
4199 1154 4423 1240 Mar-

1447 1291 1810 1402 chionoe,
1882 1289 2011 1382 vel
2091 1290 2291 1381 alios
2338 1287 2666 1380 nomine
2716 1287 3104 1412 ipsorum·
3128 1300 3503 1413 tempore
3579 1291 4119 1415 occupationis
4183 1292 4423 1387 factae

1453 1433 1561 1526 de
1616 1433 2111 1558 Episcopatu
2178 1431 2289 1523 de
2370 1446 2585 1521 anno
2651 1432 3021 1554 proxime
3068 1430 3520 1553 praeterito,
3594 1462 3741 1523 seu
3817 1449 3969 1555 per
4040 1432 4426 1526 officiales

1448 1580 1817 1702 ipserum
1857 1582 1907 1665 a
1951 1574 2092 1666 die
2135 1570 2656 1664 restitutionis
2702 1571 3028 1662 Domini
3075 1572 3525 1663 Cardinalis
3569 1591 3831 1664 retro.
3903 1666 3906 1667 f

1688 1723 1896 1809 Item
1964 1716 2365 1842 promittit
2436 1714 2828 1804 Dominus
2872 1714 3316 1839 Episcopus
3386 1716 3828 1839 proedictus
3900 1715 4150 1806 Danti
4217 1748 4433 1840 prae-

1374 1982 1379 1989 ,
1453 1862 1670 1955 dicto
1715 1860 2142 1986 recipienti
2185 1856 2650 1950 nominibus
2689 1859 2986 1983 quibus
3029 1890 3277 1982 supra
3319 1859 3542 1984 quod
3583 1863 3760 1987 ipse
3800 1861 4190 1952 Dominus
4227 1858 4430 1984 Epi-
4587 1948 4592 1955 ,

1454 2037 1749 2131 scopus
1823 2035 2107 2097 omnes
2185 2003 2898 2095 condemnationes
2915 2075 2935 2111 ,
2992 2003 3431 2093 sententias
3491 2009 3775 2095 Banna
3841 2022 3927 2095 et
4000 2037 4431 2129 processus

1456 2145 1750 2256 factos,
1791 2145 2007 2238 facta
2035 2220 2055 2256 ,
2096 2163 2179 2236 et
2220 2147 2413 2239 data
2431 2220 2451 2255 ,
2490 2145 2621 2236 vel
2677 2177 2864 2270 quoe
2895 2217 2915 2253 ,
2964 2177 3110 2236 seu
3158 2146 3299 2269 qui
3360 2145 3536 2237 fieri
3593 2164 3963 2270 possent,
4003 2147 4433 2239 occasione

1458 2286 1910 2413 aliquorum
1966 2289 2626 2398 commissorum,
2686 2290 2814 2378 vel
2873 2286 3337 2380 debitorum
3399 2288 3503 2378 ab
3575 2290 3763 2385 hinc
3812 2308 4036 2381 retro
4105 2309 4276 2381 tam
4347 2291 4427 2379 in
4556 2358 4570 2377 .

1289 2474 1295 2482 ’
1455 2431 2040 2556 temporalibus
2080 2456 2329 2554 quam
2370 2430 2451 2520 in
2492 2429 3042 2555 spiritualibus
3090 2461 3243 2554 per
3306 2432 3575 2555 ipsum
3621 2434 4057 2524 Dominum
4096 2433 4430 2557 Episco-

1458 2604 1687 2699 pum,
1731 2574 1862 2665 vel
1903 2575 2080 2696 ejus
2127 2575 2465 2665 Curiam
2508 2572 3067 2697 temporalem,
3110 2571 3238 2663 vel
3286 2573 3787 2697 spiritualem
3836 2591 4119 2665 contra
4177 2574 4437 2665 dictos

1458 2718 1850 2808 Dominos
1891 2716 2443 2824 Marchiones,
2502 2730 2586 2806 et
2626 2716 2995 2837 ipsorum
3043 2717 3382 2823 amicos,
3445 2714 3847 2822 subditos,
3905 2731 3990 2806 et
4050 2743 4434 2839 sequaces

1459 2859 1898 2987 praedictos
1946 2858 2185 2951 faciet
2231 2858 2561 2965 cassari,
2601 2858 2929 2967 irritari,
2978 2874 3062 2949 et
3120 2858 3557 2964 annullari,
3616 2874 3714 2948 et⁴
3743 2854 4118 2964 cassabit,
4164 2853 4436 2944 irrita-

1459 3003 1616 3112 bit,
1659 3020 1743 3093 et
1811 3001 2286 3110 annullabit,
2351 3018 2443 3091 et.
2496 3016 2834 3106 statuet,
2893 3015 2977 3089 et
3045 3000 3432 3090 decernet
3482 3032 3635 3124 pro
3697 2997 3960 3106 nuIIiS,
4006 2998 4292 3104 cassis»,
4354 3010 4439 3085 et

1461 3148 1705 3238 irritis
1773 3147 2094 3256 haberi,
2155 3163 2241 3263 et
2311 3147 2571 3238 teneri
2628 3177 2780 3271 per
2847 3145 3253 3269 quoslibet
3316 3146 3570 3268 ipsius
3648 3143 3978 3235 Domini
4062 3140 4441 3268 Episcopi

1462 3291 1857 3399 VicarioS,
1905 3290 2263 3400 Judiees‚
2302 3298 2787 3399 PotestateS,
2828 3296 3256 3397 RectoreS,
3297 3286 3701 3397 Notat-ios,
3744 3306 3829 3378 et
3864 3304 4204 3378 coeteros
4241 3286 4439 3377 alios

1463 3433 1903 3543 officiales,
1937 3451 2019 3524 et
2057 3463 2659 3559 quamcumque
2695 3464 3169 3558 personam,
3207 3454 3295 3524 et
3337 3433 3488 3524 sibi
3524 3431 4117 3541 reconciliabit,
4162 3448 4247 3525 et
4285 3463 4437 3558 pro

1463 3577 1996 3669 reconciliatis
2055 3576 2392 3668 habebit
2450 3607 2735 3668 omnes
2795 3576 2998 3684 illos,
3056 3576 3165 3666 de
3222 3575 3523 3700 quibus
3567 3576 3655 3667 in
3703 3575 4142 3665 concordia
4201 3574 4438 3666 fuerit
4563 3669 4568 3676 ,

1465 3751 1618 3843 pro
1674 3720 2024 3810 Domino
2072 3720 2645 3811 Francischino
2711 3719 3188 3809 Marchione
3253 3718 3683 3840 praedicto,
3748 3719 3905 3807 hac
3981 3718 4440 3808 conditione

1466 3861 1866 3969 videlicet,
1911 3862 2132 3985 quod
2180 3862 2620 3985 praedictus
2662 3862 3059 3952 Dominus
3105 3859 3724 3951 Francischinus
3766 3876 3851 3951 et
3890 3860 4479 3968 Com-adium,-

1469 4021 1553 4094 et
1627 4003 2016 4095 Dominus
2063 4003 2547 4095 Morroellus
2598 4004 2663 4094 si
2708 4019 2999 4095 cuncta
3048 4002 3358 4092 habere
3401 4000 3800 4094 voluerint
3836 4001 4307 4126 supradicta
4353 4019 4436 4093 et

1466 4145 1978 4270 infrascripta
2024 4146 2201 4235 vice
2240 4144 2635 4235 consimili
2674 4144 3000 4254 faciant,
3043 4161 3127 4234 et
3173 4144 3444 4236 facere
3488 4161 3916 4234 teneantur
3963 4142 4072 4234 de
4130 4142 4437 4248 amiciS,

1469 4288 1834 4395 subditis,
1879 4303 1963 4379 et
2010 4286 2493 4413 sequacibus
2538 4286 2788 4412 ipsius
2844 4287 3170 4379 Domini
3206 4287 3580 4412 Episcopi
3623 4318 3814 4378 cum
3861 4286 4220 4376 clausula
4256 4287 4436 4394 ista,

1471 4432 1692 4554 quod
1742 4432 1975 4523 amici
2046 4449 2129 4521 et
2200 4462 2590 4555 sequaces
2651 4432 3025 4555 praedicti
3092 4434 3514 4554 utriusque
3575 4432 3868 4556 partiS,
3945 4437 4028 4521 et
4093 4430 4232 4555 qui
4290 4429 4437 4520 sibi

1473 4571 1581 4661 ad
1647 4572 1991 4678 invicem
2060 4572 2368 4663 inimic.
2406 4641 2483 4661 ..
2518 4641 2545 4661 .
2575 4568 2666 4648 (¹)
2706 4571 2813 4661 ad
2857 4603 3184 4696 pacem,
3233 4588 3317 4662 et
3361 4571 3917 4682 concordiam,
3965 4571 4249 4664 reduci
4295 4572 4440 4663 de-

1473 4719 1725 4808 beant
1776 4787 1850 4805 ..
1895 4787 1969 4807 ..
2003 4719 2087 4819 (2)
2137 4735 2219 4808 et
2276 4702 2548 4809 modis
2610 4717 3015 4826 omnibus,
3076 4718 3378 4841 quibus
3451 4735 3837 4841 poterunt
3905 4748 4056 4842 per
4122 4718 4435 4842 praedi-

1477 4878 1700 4952 ctum
1777 4859 2355 4952 Venerabilem
2416 4865 2771 4968 Patrem,
2838 4855 2924 4948 et
2981 4861 3416 4954 Dominum
3491 4861 4148 4990 Franciscbinum
4207 4866 4437 4950 Mar-

1479 5006 1848 5094 chionem
1897 5003 2381 5128 praedictum
2395 5072 2414 5091 .

1712 5151 1919 5237 Acto
1977 5148 2219 5237 etiam
2265 5145 2425 5236 hoc
2484 5148 2942 5273 specialiter
2989 5164 3071 5238 et
3117 5165 3498 5272 expresse
3539 5135 4109 5241 interdictum
4149 5149 4436 5238 Domi-
4555 5121 4561 5126 ι

1464 5313 1676 5382 num
1717 5289 2237 5413 Ispiscopum,
2280 5305 2367 5379 et
2413 5288 2723 5381 dictum
2765 5296 3118 5383 Dantem
3157 5307 3536 5415 agentem
3574 5292 3904 5384 nomine
3949 5289 4250 5417 quibus
4295 5323 4437 5382 su-

1704 5608 1788 5689 (1)
1826 5611 2049 5674 Desunt
2073 5605 2386 5675 'munitm
2481 5491 2628 5690 δμθ)
2661 5595 2741 5675 Id.
