5187 6937
2154 895 2247 945 XI

717 1022 973 1146 legiis,
1023 1019 1315 1144 quibus
1376 1034 1660 1106 contra
1730 1017 2124 1141 praedicta
2166 1035 2495 1142 possent
2558 1017 2828 1109 facere
2885 1018 3016 1108 vel
3079 1018 3389 1123 venire,
3440 1013 3565 1104 vel
3627 1045 3674 1101 a

722 1163 1134 1289 praedictis
1181 1193 1323 1253 seu
1366 1190 1648 1252 eorum
1692 1160 1959 1284 aliquo
2009 1161 2456 1285 aliqualiter
2498 1192 2585 1250 se
2647 1161 2898 1251 tueri.

953 1304 1303 1396 Actum
1281 1338 1362 1393 ιιι
1393 1307 1741 1393 Camera
1766 1302 2261 1426 Episcopalis
2292 1303 2573 1392 Palatii
2609 1303 2716 1392 de
2745 1307 3031 1392 Castro
3056 1306 3277 1389 Novo
3307 1326 3675 1423 praesen-
3809 1368 3818 1375 .

714 1451 927 1542 tibus
955 1449 1302 1539 Domino
1349 1452 1632 1538 Fratre
1680 1446 2106 1537 Guillelmo
2154 1445 2602 1574 Malaspina
2653 1446 2976 1535 Ordinis
3013 1444 3462 1549 Minorum‚
3510 1445 3677 1527 Do-

714 1592 953 1683 mino
969 1590 1292 1681 Bertolo
1327 1596 1640 1681 Lunen.
1683 1587 2308 1697 Archidiacono,
2349 1589 2695 1678 Domino
2725 1586 3161 1677 Percivalle
3190 1585 3296 1675 de
3341 1581 3674 1672 Camilla

714 1740 999 1824 Fratre
1070 1734 1322 1858 ipsius
1388 1732 1710 1822 Domini
1777 1732 2193 1855 Episcopi,
2260 1736 2591 1822 Fratre
2590 1729 3058 1853 Gasparino
3124 1729 3231 1819 de
3280 1733 3674 1830 Sarzana,
3767 1734 3774 1737 “

715 1878 1076 1968 Dominis
1148 1877 1437 1999 Mazig.
1516 1877 1622 1968 de
1669 1878 2062 1999 praedicto
2112 1878 2549 1967 Tomasino
2602 1876 2771 1966 filio
2829 1872 3192 1964 Parentis
3260 1868 3511 1992 Stupii
3570 1867 3676 1957 de

713 2030 1091 2128 Sarzana‚
1139 2037 1221 2110 et
1271 2026 1332 2107 F
1333 2019 1841 2110 rancischino
1889 2020 1996 2110 de
2058 2008 2455 2109 Pelacano
2499 2018 2922 2109 Judicibus
2963 2014 3297 2105 testibus
3347 2010 3452 2101 ad
3502 2010 3676 2097 haec

718 2162 1019 2286 rogatis
1080 2176 1163 2249 et
1204 2161 1508 2250 vocatis
1530 2228 1549 2247 .

949 2301 1472 2426 Infrascripta
1521 2317 1709 2393 sunt
1783 2317 2026 2425 pacta
2098 2303 2422 2392 firmata
2475 2303 2685 2391 inter
2717 2301 3171 2390 *Dominum
3243 2293 3676 2383 Antonium

712 2442 1174 2537 Lunensem
1250 2444 1743 2569 Episcopum
1804 2475 1904 2533 ex
1964 2461 2198 2569 parte
2257 2478 2417 2535 una
2436 2514 2471 2558 ,
2530 2460 2615 2533 6ι
2684 2443 3117 2532 Dominum
3178 2444 3239 2526 F
3241 2432 3680 2527 rancischi·

711 2622 907 2680 num
969 2588 1529 2678 Marchionem
1599 2586 2127 2710 Malaspinam
2189 2622 2342 2711 pro
2405 2619 2492 2677 se
2561 2603 2644 2676 et
2699 2584 3227 2676 Consortibus
3304 2582 3505 2686 suiS,
3577 2608 3678 2664 ex

712 2732 1003 2840 altera,
1065 2746 1148 2821 et
1209 2729 1660 2820 secundum
1746 2760 1845 2818 ea
1929 2728 2106 2819 fieri
2193 2730 2444 2821 debet
2500 2763 2702 2851 pax,
2766 2746 2846 2819 et
2908 2726 3122 2816 facta
3210 2740 3330 2814 est
3423 2736 3511 2812 ut
3595 2719 3674 2807 in

710 2890 989 2963 nostro
1052 2883 1479 2963 contractu
1567 2870 2061 2979 continetur,
2123 2888 2205 2961 et
2293 2871 2614 2961 firmata
2686 2870 3200 2991 infrascripta
3295 2881 3539 2990 pacta
3598 2862 3676 2950 in

711 3047 1037 3107 camera
1092 3013 1565 3141 episcopalis
1625 3011 1904 3101 Palatii
1966 3011 2074 3100 de
2135 3014 2656 3103 Castrouovo-
2692 3012 2825 3102 die
2885 3028 2968 3100 et
3029 3042 3241 3100 anno
3302 3005 3679 3132 supradi-

711 3157 895 3266 ctis,
955 3174 1041 3247 et
1100 3190 1378 3248 coram
1437 3156 1819 3280 predictis
1897 3155 2275 3245 testibus:
2336 3175 2420 3243 et
2480 3170 2665 3243 sunt
2723 3144 2901 3243 haec
2959 3152 3369 3242 videlicet.
3436 3155 3679 3238 Pacta

710 3336 890 3425 quae
951 3303 1149 3426 petit
1213 3302 1602 3391 Dominus
1664 3298 2276 3389 Francischinus
2323 3299 2692 3387 Marchio
2739 3298 3185 3421 Malaspina
3233 3328 3383 3420 pro
3444 3326 3527 3385 se
3588 3307 3671 3384 et

704 3448 1230 3541 Consortibu's
1289 3450 1490 3558 suis,
1550 3464 1632 3538 et
1690 3481 1973 3539 eorum
2026 3446 2296 3537 amicis
2357 3446 2464 3537 de
2523 3453 3002 3554 Lunexana‚
3068 3461 3309 3567 atque
3371 3476 3669 3565 sequa-

705 3587 934 3680 cibus
1000 3622 1153 3713 pro
1216 3622 1422 3714 pace
1481 3589 1854 3679 facienda
1901 3590 2113 3678 inter
2162 3618 2301 3678 eos
2348 3604 2429 3677 et
2475 3588 2910 3678 Dominum
2961 3595 3422 3678 Lunensem
3472 3586 3668 3709 Epi-

707 3761 1039 3855 scopum
1101 3748 1320 3821 sunt.
2360 3842 2365 3846 φ

948 3939 3519 3962 ..............................
3584 3871 3668 3952 (¹)

945 4016 1253 4105 Tertio:
1341 4017 1564 4137 quod
1660 4046 1941 4104 omnes
2052 4014 2764 4106 condemnationes
2790 4086 2810 4121 ‚
2881 4012 3151 4103 banna
3186 4085 3205 4120 ,
3297 4030 3380 4102 et
3472 4043 3668 4137 pro-

707 4188 1010 4248 cessus.
1061 4156 1274 4246 facta
1333 4173 1413 4247 et
1493 4156 1862 4248 facienda
1921 4158 2049 4248 vel
2132 4192 2309 4280 quae
2372 4156 2546 4245 fieri
2632 4173 2961 4280 possent
3021 4158 3443 4246 occasione
3532 4157 3674 4246 ali-

708 4331 1058 4425 quorum
1143 4299 1754 4389 commissorum
1843 4299 1948 4388 ab
2038 4301 2227 4389 hinc
2314 4317 2537 4388 retro
2613 4315 2794 4417 tam
2879 4299 2959 4387 in
3055 4303 3671 4422 temporalibus,

710 4476 955 4565 quam
1019 4443 1562 4566 spiritualibus
1641 4475 1786 4567 per
1874 4444 2313 4535 Dominum
2384 4445 2868 4568 Episcopum
2930 4445 3057 4534 vel
3118 4447 3295 4567 ejus
3343 4448 3671 4539 Curiam

709 4587 1232 4709 temporalem
1295 4589 1423 4678 vel
1470 4588 1964 4711 spiritualem
2027 4606 2311 4680 contra
2370 4589 2710 4699 amicoS,
2803 4591 3167 4683 subditos
3239 4610 3317 4685 et
3376 4627 3672 4718 sequa-

707 4760 841 4817 ces
902 4728 1436 4821 Dominorum
1495 4732 2058 4822 Marchionum
2135 4727 2290 4821 Sint
2375 4764 2602 4822 cassa
2680 4733 2909 4823 irrita
2979 4751 3061 4822 et
3140 4736 3431 4827 nullius
3498 4773 3672 4829 mo—

704 4873 990 4979 menti,
1070 4889 1313 4997 atque
1399 4878 1700 4965 cassari
1749 4876 2108 4966 debeant
2158 4908 2308 4998 per
2354 4877 2619 5000 ipsum
2678 4877 3113 4967 Dominum
3186 4881 3670 5004 Episcopum

704 5034 788 5106 et
851 5018 1074 5142 quod
1136 5049 1412 5108 omnes
1479 5019 1839 5109 imbaniti
1911 5050 2292 5141 seguaces
2375 5038 2456 5109 et
2551 5019 2784 5109 amici
2843 5021 3199 5143 ipsorum
3258 5021 3671 5110 Marchio—

638 5237 643 5242 .
707 5193 942 5269 num,
1010 5192 1211 5284 quos
1283 5164 1810 5254 nominandos
1894 5166 2219 5256 duxerit
2315 5165 2486 5287 ipse
2586 5155 2976 5258 Dominus
3067 5169 3672 5262 Francischinus

715 5302 1333 5395 reconcilientur
1401 5337 1588 5395 cum
1662 5307 1835 5428 ipso
1907 5306 2249 5395 Domino
2316 5312 2626 5397 Lunen.
2689 5309 3121 5432 Episcopo.

947 5588 1031 5666 (1)
1071 5595 1291 5652 Desunt
1330 5591 1600 5651 undecim
1642 5589 1836 5667 linea),
1864 5605 1999 5670 quae
2030 5592 2192 5670 nigra
2221 5592 2452 5656 macula
2484 5592 2751 5655 obductae
2788 5594 2898 5673 legi
2941 5594 3347 5672 nequeuntjet
3382 5593 3670 5654 continent

718 5688 968 5764 primum
1004 5693 1063 5750 et
1099 5686 1419 5749 secundum
1457 5684 1799 5748 articulum.
