5187 6937
1852 1156 2569 1251 CONSTITUTIO

864 1307 1105 1394 Pacis
1145 1332 1421 1393 nna-As
1467 1337 1524 1392 A
1573 1305 2814 1408 Momm,FnA1‹c1scmo,m
2866 1302 3324 1396 Commo
3367 1340 3526 1397 cm!

867 1450 1254 1536 Emscoro
1290 1451 2191 1551 Lmns1,S1›ons1onnu
2248 1477 2710 1532 REGImENTE
2744 1447 3024 1533 DANTE
3071 1448 3528 1537 Aucumnt.

1932 1591 2147 1675 Ann.
2217 1594 2257 1673 1
2273 1594 2471 1673 506.

727 2398 844 2539 ln
891 2442 1227 2536 Nomine
1285 2440 1606 2532 Domini
1651 2506 1671 2529 .
1717 2444 1974 2531 Amen
2021 2508 2041 2529 .
2093 2443 2327 2531 Anno
2400 2467 2448 2529 a
2489 2440 2950 2532 .Nativitate
3017 2445 3195 2566 ejus
3260 2447 3682 2544 Millesimo
3740 2442 3757 2455 ’

615 2648 618 2651 Δ
722 2589 1076 2678 CCCVI.
1143 2583 1595 2676 Indictione
1643 2587 1788 2675 IV.
1836 2584 1992 2674 Die
2041 2587 2186 2674 VI.
2239 2582 2682 2672 Octobris
2660 2617 2736 2673 m
2788 2585 2992 2673 hora
3035 2588 3304 2677 tertia.
3356 2591 3684 2687 Diucius

729 2729 1126 2823 diabolica
1152 2742 1686 2852 exsuperante
1712 2728 2074 2852 potentia
2098 2705 2312 2819 inter
2353 2726 2918 2820 Venerabilem
2946 2734 3268 2822 Patrem
3306 2749 3388 2823 et
3418 2739 3694 2826 Domi-

729 2905 930 2964 num
975 2855 1412 2963 Dominum
1480 2872 1899 2961 Ana-onum
1946 2868 2098 2960 Dei
2168 2869 2427 2993 gratia
2499 2875 2956 2961 Lunensem
3032 2854 3558 2997 Episcopum,
3608 2897 3690 2970 et

730 3010 1157 3133 Co'mitem,
1199 3028 1282 3103 et
1324 3010 1798 3134 Magnificos
1868 3011 2106 3102 Viros
2144 3027 2228 3102 et
2265 3009 2641 3102 Excelsos
2689 3013 3078 3103 Dominos
3129 3020 3695 3121 Monnoumnt

729 3164 1394 3264 anclscunwu,
1418 3159 1961 3246 Conium
2018 3192 2122 3245 m·
2171 3156 2541 3245 Fan-nm
2586 3159 3115 3247 MAncmomzs
3155 3165 3371 3249 ΜΑι..
3424 3166 3688 3253 Guer-

731 3299 871 3408 riS,
931 3298 1387 3405 inimicitiiS,
1437 3296 1805 3420 odiisque
1850 3296 2229 3404 subortiS,
2290 3328 2392 3386 ex
2448 3296 2744 3419 quibus
2803 3296 3270 3409 homicidia,
3318 3303 3654 3396 vulnera
3672 3379 3692 3414 ,

702 3442 1039 3560 ,caedem
1099 3439 1519 3548 incendia,
1570 3456 1823 3550 vasta,
1867 3438 2169 3531 damna
2215 3453 2300 3529 et
2342 3439 2707 3563 pericula
2751 3441 3118 3564 plurima.
3151 3460 3335 3535 sunt
3376 3465 3652 3539 secuta
3674 3524 3694 3559 ,

625 3621 640 3652 0
735 3617 833 3675 ac
876 3582 1312 3675 Provincia
1377 3589 1842 3675 Lunexanoe
1887 3577 2445 3675 diversimode
2518 3583 2870 3672 lacerata
2890 3656 2910 3691 ,
2985 3584 3303 3706 praefati
3374 3590 3692 3680 Domini

567 3765 583 3821 ς
666 3767 669 3768 f
731 3727 1211 3850 EpiscopuS,
1251 3741 1335 3815 et
1375 3724 1883 3815 Marchionoe
1960 3723 2251 3816 summi
2296 3724 2553 3814 Patris
2593 3724 3079 3818 inhaerentes
3117 3731 3484 3851 exemplo
3524 3735 3691 3823 suis

732 3869 1074 3961 dicentis
1121 3867 1547 3991 Apostolis,
1576 3864 1870 3958 Pacem
1909 3895 2178 3957 meam
2216 3866 2330 3958 do
2368 3867 2624 3975 vobis,
2667 3874 2964 3958 Pacem
2999 3900 3271 3959 meam
3318 3872 3691 3997 relinquo

731 4006 990 4118 vobis,
1038 4010 1576 4133 eamdemque
1619 4003 1999 4100 effectum
2039 4009 2311 4132 operis
2358 4010 2904 4133 amplexantes
2944 4012 3352 4103 mediante
3394 4031 3692 4108 tracta-

736 4168 828 4244 tu
873 4145 1358 4243 venerabilis
1377 4222 1400 4259 ,
1477 4168 1561 4242 et
1621 4152 1892 4244 devoti
1966 4151 2114 4241 viri
2170 4149 2495 4241 Domini
2562 4148 2837 4241 fratris
2897 4153 3295 4243 Guillelmi
3361 4158 3553 4246 Mal.
3615 4177 3697 4249 et

736 4296 1011 4387 {ratris
1050 4296 1452 4387 Guillelmi
1490 4294 1599 4386 de
1675 4295 2014 4387 Godano
2070 4280 2563 4385 Sanctisffl'mi
2591 4334 2595 4338 ’
2625 4296 2949 4387 Ordinis
3008 4298 3405 4391 Fratrum
3439 4303 3700 4392 mino-

738 4471 926 4531 rum
941 4507 961 4546 ,
1003 4438 1515 4528 attendentes
1553 4437 1800 4528 etiam
1842 4436 2064 4561 quod
2100 4439 2318 4527 omni
2358 4468 2610 4561 regno
2640 4437 3195 4529 desiderabilis
3237 4442 3482 4532 debet
3521 4475 3697 4537 esse

739 4579 1300 4704 tranquillitas,
1339 4580 1422 4669 in
1466 4612 1629 4704 qua
1668 4579 1945 4705 populi
1987 4579 2446 4704 proficiunt,
2492 4596 2579 4670 et
2619 4581 2979 4704 gentium
3023 4581 3366 4674 uctilitas
3415 4603 3692 4678 custo-

736 4727 988 4835 ditur,
1030 4759 1216 4851 quae
1263 4726 1668 4818 bonarum
1728 4728 1977 4818 etiam
2041 4726 2339 4818 artium
2397 4727 2698 4818 decora
2746 4744 3009 4819 mater
3056 4729 3512 4823 mortalium
3561 4762 3702 4853 ge-

578 4927 583 4934 ·
738 4900 892 4961 nus
940 4869 1374 4993 reparabili
1416 4869 1931 4962 subcessione
1987 4870 2493 4994 multiplicat,
2540 4868 2955 4961 facilitates
3029 4872 3463 4994 protendit,
3511 4904 3695 4962 mo-

716 5013 873 5100 ‘res
920 5009 1243 5120 excolit,
1291 5011 1585 5135 vixque
1633 5027 1964 5134 quantoe
2012 5010 2114 5100 sit
2159 5010 2470 5111 virtutis
2514 5011 2997 5135 agnoscitur,
3042 5014 3125 5102 in
3161 5044 3447 5104 eorum
3495 5017 3698 5106 ami-

749 5183 1060 5261 corum,
1101 5155 1597 5279 sequacium,
1639 5170 1724 5244 et
1764 5148 2323 5244 subdictorum
2362 5155 2668 5244 octiosa
2709 5154 3309 5280 tranquillitate,
3354 5173 3436 5246 et
3476 5158 3699 5281 pacis

683 5379 691 5388 .
747 5299 1174 5391 amenitate
1231 5299 1550 5421 placida
1606 5298 2072 5423 gloriantes,
2120 5298 2413 5389 excelsi
2465 5299 2895 5390 Salvatoris
2948 5298 3206 5422 gratia
3256 5300 3699 5393 illustrante

753 5439 859 5531 ad
901 5438 1493 5564 infrascriptam
1553 5472 1841 5564 pacem
1885 5472 2165 5533 veram
2226 5458 2310 5532 et
2354 5460 2836 5568 perpetuam
2888 5444 3405 5537 concordiam
3454 5444 3704 5535 deve-

693 5697 697 5702 ·
757 5599 1086 5673 nerunt.
1131 5581 1529 5675 Videlicet
