5187 6937
2903 872 3041 923 xll

1727 1007 1844 1091 Ex
1900 1004 2134 1089 'nunc
2200 997 2660 1088 declaretur
2731 1012 2816 1084 et
2882 994 3051 1084 vice
3122 993 3507 1084 consimili
3577 996 3724 1085 fiat
3788 996 3897 1086 de
3964 997 4446 1121 sequacibus

1491 1159 1572 1231 et
1653 1142 1930 1231 amicis
1998 1137 2321 1231 Domini
2386 1138 2765 1261 Episcopi
2827 1138 2909 1228 in
2987 1137 3346 1229 clausula
3423 1138 4001 1229 commissionis
4072 1138 4458 1230 faciendae

1496 1287 1601 1375 de
1674 1284 1950 1374 amicis
2011 1301 2093 1372 et
2153 1279 2633 1406 sequacibus
2682 1279 2822 1402 qui
2869 1280 3019 1371 sibi
3082 1280 3189 1371 ad
3234 1281 3577 1385 invicem
3625 1279 4230 1373 inimicarentur
4278 1288 4460 1402 jura

1497 1461 1689 1519 vero
1730 1427 2040 1517 Brineae
2081 1441 2162 1514 et
2210 1424 2485 1516 Bolani
2542 1442 3019 1514 remaneant
3068 1427 3147 1514 in
3193 1455 3292 1514 eo
3331 1442 3544 1515 statu
3563 1499 3583 1531 ‚
3621 1427 3705 1514 in
3756 1456 3919 1548 quo
3967 1458 4185 1516 nunc
4238 1443 4460 1533 sunt,

1497 1603 1756 1696 usque
1803 1569 1910 1661 ad
1951 1586 2266 1659 certum
2336 1584 2658 1689 tempus
2713 1600 2759 1655 a
2803 1566 3172 1688 partibus
3223 1567 3716 1689 eligendum.
3768 1572 3871 1654 Et
3920 1566 4022 1655 ab
4086 1599 4186 1656 eo
4229 1583 4461 1656 'tem-

1496 1746 1697 1837 pore
1764 1715 1971 1805 ultra
2034 1716 2131 1803 sit
2196 1715 2496 1805 licitum
2556 1711 2918 1836 partibus
2982 1722 3066 1804 in
3128 1717 3411 1804 Castro
3473 1715 3788 1805 Brineae
3849 1717 4228 1838 persequi
4265 1718 4466 1838 jura

1502 1892 1646 1948 sua
1674 1931 1693 1963 ,
1765 1875 1845 1945 et
1910 1874 2241 1980 propter
2303 1856 2454 1947 hoc
2515 1891 2675 1980 pax
2736 1888 2896 1946 non
2961 1858 3442 1980 intelligatur
3498 1888 3674 1946 esse
3736 1856 4029 1965 fracta,
4091 1874 4172 1946 et
4232 1857 4454 1982 quod

1502 2033 1718 2089 nune
1771 2033 1928 2123 pax
1990 1999 2132 2087 fiat
2196 2030 2353 2087 non
2418 1998 2889 2120 derogando
2931 1999 3252 2121 juribus
3317 1999 3652 2121 alicujus
3713 2001 4072 2132 partium
4107 2071 4124 2086 .

1745 2290 2147 2404 Sequaces
2210 2283 2728 2374 dominorum
2789 2282 3351 2373 Marchionum
3416 2281 3537 2371 (¹).

1748 2574 1945 2655 Pars
2009 2566 2114 2654 de
2179 2573 2528 2655 Sarzana
2592 2584 2673 2656 et
2733 2575 3023 2657 castro'
3059 2574 3116 2656 F
3120 2570 3531 2665 osdenovo
3555 2639 3572 2654 .

1752 2855 1875 2937 De
1938 2852 2317 2939 Carraria
2346 2920 2362 2936 .
2406 2954 2407 2959 Ν

1758 3138 1882 3220 De
1945 3141 2057 3220 8ω
2137 3134 2552 3257 Stephano
2614 3151 2693 3223 et
2759 3136 3088 3224 Bolano,

1748 3500 1830 3575 (1)
1871 3508 2046 3572 Deest
2088 3523 2264 3567 unum
2307 3508 2578 3570 verbum.

3560 4922 3700 4933 ..ι-..-

1930 5057 2177 5114 Extract.
2213 5069 2283 5113 ex
2316 5052 2600 5112 tabulario
2635 5051 2768 5128 pub.
2809 5055 3053 5113 civitatis
3091 5056 3521 5132 Serazanensis,
3553 5059 3706 5116 serie
3734 5054 3863 5136 542,
3902 5059 3988 5118 tit.
4028 5057 4086 5119 5.

2350 5175 2705 5234 instrument„
2745 5175 2956 5235 Notarii
2995 5172 3131 5251 pub.
3169 5177 3431 5236 Parentis
3468 5177 3679 5252 Stupii.
