5187 6937
2914 891 2959 942 X

1450 1015 1840 1107 Dominus
1879 1013 2325 1139 Episcopus
2372 1043 2473 1105 ex
2519 1047 2686 1106 una
2716 1032 2977 1140 parte,
3016 1032 3101 1106 et
3152 1021 3436 1108 DAN-rr.
3475 1015 3862 1140 praefatus
3912 1022 4398 1112 Procurator

1451 1159 1648 1251 dicti
1688 1159 2018 1248 Domini
2068 1163 2129 1244 F
2132 1159 2615 1248 rancischini
2658 1159 3222 1249 Procuratorio
3281 1160 3606 1249 nomine
3650 1193 3802 1283 pro
3844 1192 3970 1268 eo,
4020 1177 4104 1251 et
4144 1164 4418 1253 nomi-

1451 1302 1688 1391 nibus
1718 1299 2008 1423 quibus
2039 1331 2288 1423 supra
2316 1332 2417 1391 ex
2447 1303 2730 1409 altera,
2779 1300 3295 1392 sollemnibus
3325 1303 3964 1423 stipulationibus
4000 1305 4182 1395 hinc
4229 1304 4421 1395 inde

1455 1441 2202 1551 intervenientibuS,
2243 1462 2643 1569 perpetuo
2690 1462 2870 1534 rata
2910 1463 3144 1568 grata
3189 1461 3272 1534 et
3312 1445 3549 1536 firma
3593 1447 3897 1571 habere
3927 1467 4232 1560 tenere,
4276 1451 4430 1541 ob·

1457 1620 1785 1679 servare
1835 1605 1918 1676 et
1967 1589 2446 1713 adimplere,
2487 1606 2571 1680 et
2618 1609 2902 1681 contra
2951 1622 3048 1680 ea
3098 1588 3228 1681 vel
3271 1590 3598 1712 aliquod
3637 1621 3922 1681 eorum
3983 1621 4429 1713 numquam

1455 1731 1724 1821 facere
1771 1731 1899 1821 vel
1940 1731 2217 1822 venire
2286 1763 2434 1857 per
2504 1763 2591 1821 se
2636 1733 2764 1822 vel
2801 1765 2950 1855 per
3002 1733 3196 1823 alios
3257 1733 3365 1823 de
3405 1714 3584 1852 jure
3625 1732 3753 1822 vel
3795 1731 3902 1821 de
3966 1729 4207 1837 facto,
4274 1761 4426 1820 nec

1459 1880 1696 1970 alicui
1737 1875 2292 1997 contravenire
2329 1872 2460 1964 vel
2497 1871 2765 1965 facere
2813 1875 3112 1966 volenti
3152 1876 3636 1984 consentire,
3676 1877 3838 1967 imo
3887 1906 4065 1965 sese
4103 1876 4187 1966 in
4229 1904 4428 1964 con-

1459 2021 1807 2111 trarium
1857 2047 2269 2142 opponere
2315 2038 2400 2107 et
2447 2050 2602 2140 pro
2648 2016 2954 2107 viribus
3018 2017 3413 2141 impedire
3470 2019 3551 2106 in
3602 2051 3816 2143 pena
3878 2035 3960 2109 et
4022 2018 4174 2109 sub
4218 2047 4428 2139 pena

1462 2160 1679 2252 mille
1724 2162 2253 2251 Marcharum
2294 2159 2609 2282 argenti
2652 2159 3020 2249 sollemni
3067 2160 3581 2284 stipulatione
3622 2161 4016 2284 promissa
4053 2192 4150 2250 ac
4187 2159 4421 2250 toties

1463 2300 2034 2392 committenda
2103 2318 2186 2389 et
2233 2299 2762 2391 effectualiter
2805 2301 3203 2423 exigenda
3262 2334 3414 2425 pro
3460 2320 3693 2425 parte
3758 2302 4008 2393 fidem
4053 2317 4425 2392 servante

1465 2446 1790 2570 aparte
1869 2476 2053 2566 quae
2125 2474 2285 2531 non
2356 2461 2714 2535 servaret
2790 2444 3214 2566 praedicta,
3292 2444 3418 2536 vel
3487 2444 3811 2567 aliquod
3854 2445 4429 2569 praedictorum

1467 2586 1807 2710 quoties?
1868 2604 2153 2675 contra
2244 2585 2722 2708 praedictam
2804 2586 2934 2676 vel
3011 2587 3591 2709 praedictorum
3690 2586 4012 2709 aliquod
4098 2584 4430 2691 factum,

1464 2733 1601 2822 vel'
1673 2748 2007 2821 ventum
2070 2728 2304 2838 foret,
2366 2730 2778 2854 praedictis
2861 2729 3369 2821 nihilominus
3429 2731 3513 2822 in
3574 2763 3741 2821 suae
3816 2729 4213 2819 firmitatis
4287 2760 4428 2817 ro·-

1464 2876 1667 2963 bore
1727 2872 2175 2962 duraturis.
2250 2878 2407 2960 Pro
2483 2872 2774 2994 quibus
2826 2871 3198 2962 omnibus
3274 2888 3356 2961 et
3427 2873 3755 2995 singulis
3822 2874 3934 2961 sic
4004 2871 4426 2962 attenden-
4545 2868 4552 2872 ‘

1456 3016 1589 3107 ‘dis
1661 3031 1742 3103 et
1822 3012 2350 3105 observandis
2416 3032 2499 3103 et
2546 3014 2797 3135 paenis
2859 3014 3322 3138 prestandis
3401 3034 3484 3104 et
3559 3014 3959 3108 solvendis
4020 3013 4435 3137 obligave-

1468 3172 1657 3247 runt
1700 3156 1849 3243 sibi
1893 3155 1996 3245 ad
2050 3155 2393 3244 invicem
2460 3155 2702 3245 dictae
2751 3173 3026 3278 partes
3076 3157 3450 3247 videlicet
3498 3156 3764 3247 dictus
3814 3156 4202 3247 Dominus
4243 3160 4436 3277 Epi-

1469 3331 1757 3419 scopus
1844 3330 1932 3387 se
2018 3316 2100 3387 et
2166 3329 2354 3388 suos
2422 3297 2974 3406 subcessore&
3057 3316 3137 3388 et
3210 3299 3428 3388 bona
3507 3300 4038 3424 Episcopatus
4107 3316 4190 3388 et
4257 3299 4436 3419 ejus

1467 3441 1834 3563 propria.
1886 3445 1986 3528 Et
2030 3439 2295 3532 dictus
2363 3445 2648 3531 DAN‘rn
2719 3447 3202 3530 Procurator
3252 3440 3443 3531 dicti
3513 3442 3833 3532 Domini
3901 3440 4441 3532 Francischini

1472 3579 2033 3673 Procuratorio
2077 3583 2399 3672 nomine
2468 3615 2620 3704 pro
2667 3615 2791 3690 eo,
2840 3583 3102 3703 ipsum
3150 3569 3587 3674 Dominum
3648 3583 4311 3672 Francischinum
4355 3599 4437 3671 et

1470 3727 1650 3845 ejus
1700 3725 1916 3813 bona
1962 3722 2237 3812 habita
2283 3740 2361 3813 et
2411 3723 2828 3813 habenda.
2896 3729 3099 3812 Acto
3148 3726 3300 3814 hoc
3374 3755 3754 3848 expresse
3815 3741 3897 3813 et
3957 3723 4436 3847 specialiter,

1474 3867 1691 3954 inter
1726 3866 1980 3955 dictas
2027 3881 2304 3987 partes
2349 3864 2569 3988 quod
2616 3865 2699 3956 in
2752 3881 3065 3955 tantum
3115 3866 3515 3987 obligetur
3563 3851 3652 3955 et·
3689 3866 4085 3987 obligatus
4145 3863 4441 3953 intelli-

1470 4024 1708 4128 gatur
1753 4008 1863 4096 ad
1900 4039 2166 4131 poenae
2186 4013 2191 4020 ’
2215 4006 2717 4115 solutionem,
2769 4023 2850 4096 et
2891 4007 3340 4096 exationem
3385 4006 3651 4097 dictus
3694 4007 4081 4098 Dominus
4108 4008 4440 4096 Franci-

1471 4149 1821 4256 schinuS‚
1862 4165 1942 4239 et
1980 4148 2353 4272 praedicti
2391 4149 2781 4239 Dominus
2822 4148 3358 4255 ConradinuS,
3403 4167 3486 4239 et
3525 4150 3916 4240 Dominus
3956 4148 4435 4240 Morroellus

1471 4294 1555 4379 in
1625 4308 2021 4415 quantum
2068 4290 2639 4381 ratificaverint
2697 4291 3162 4414 supradicta
3241 4293 3509 4381 omnia
3575 4309 3665 4383 ut
3732 4290 4291 4415 supradictum
4350 4306 4430 4379 et

1324 4459 1333 4476 ·
1477 4464 1948 4555 expressum
1999 4448 2120 4523 est
2166 4433 2311 4556 ipsi
2358 4432 2702 4522 Domino
2751 4434 3151 4557 Episcopo
3194 4451 3279 4524 et
3327 4434 3487 4522 suis
3546 4432 4155 4524 subcessoribus
4189 4499 4429 4518 .....

1479 4575 1726 4662 ...(1)
1763 4575 1938 4696 ipse
1986 4575 2377 4665 Dominus
2436 4575 2879 4696 Episcopus
2941 4592 3021 4665 et
3057 4575 3197 4666 sui
3259 4576 3774 4666 subcessores
3819 4643 4172 4663 .......
4208 4570 4291 4650 (2)
4352 4589 4433 4662 et

1475 4715 1817 4837 obligari
1855 4730 2182 4838 possent
2189 4783 2420 4803 .....
2461 4789 2474 4800 .
2514 4783 2809 4802 ......
2833 4727 2870 4801 ’.
2910 4784 2928 4801 .
2960 4711 3046 4792 (5)
3088 4747 3232 4837 per
3269 4716 3600 4838 suprad.
3647 4714 4250 4838 Stipulationem
4287 4714 4435 4836 ipsi

1474 4856 1825 4945 Domino
1875 4856 2469 4965 Francischino‚
2508 4872 2591 4946 et
2644 4855 2815 4945 aliis
2863 4856 3222 4946 Dominis
3272 4856 3875 4946 Marchionibus
3922 4854 4430 4977 supradictis3

1479 5000 1984 5108 renunciant.
2031 5000 2270 5090 dictae
2320 5015 2589 5124 partes
2654 5001 3027 5092 omnibus
3087 5019 3168 5092 et
3230 5002 3555 5124 singulis
3601 5033 3888 5092 eorum
3945 4999 4431 5125 exceptioni-

1475 5142 1658 5249 buS‚
1703 5157 1782 5230 et
1821 5140 2419 5232 defensionibus
2454 5209 4425 5230 ....................................

1481 5353 2385 5377 .................
2390 5321 2442 5369 ’.
2482 5352 2500 5369 .
2540 5351 2558 5369 .
2599 5354 2616 5371 .
2654 5355 2671 5372 .
2711 5355 2727 5372 .
2766 5355 2783 5371 .
2826 5355 2843 5372 .
2879 5279 2963 5359 (4)
3006 5301 3090 5376 et
3137 5286 3557 5378 Canonicis
3602 5286 4018 5380 beneficiis
4058 5302 4143 5376 et
4188 5282 4437 5409 privi-

1702 5609 1785 5688 (1)
1824 5610 1907 5689 (2)
1946 5610 2029 5689 (ὅ)
2069 5609 2151 5688 (4)
2188 5616 2308 5672 Non
2347 5625 2531 5689 pauca
2570 5608 2750 5675 verba
2789 5609 3019 5672 desunt.
