5187 6937
2873 817 2968 866 vl

1680 939 1917 1049 Quod
1965 938 2413 1028 antedictus
2455 937 2960 1029 Venerabilis
2999 945 3237 1029 Pater
3276 942 3670 1031 Dominus
3717 946 3815 1031 A.
3855 949 4166 1034 Lunen.
4214 945 4404 1069 Epi-

1456 1112 1748 1206 scopus
1793 1097 1875 1170 et
1920 1083 2211 1169 Comes
2270 1112 2421 1201 pro
2467 1110 2556 1168 se
2606 1096 2686 1169 et
2729 1080 3098 1171 Lunensi*
3126 1080 3530 1188 Ecclesia,
3568 1096 3650 1171 et
3699 1084 3863 1174 suis
3923 1085 4405 1205 sequacibus

1451 1242 1533 1313 et
1557 1223 2013 1313 hominibus
2054 1220 2417 1312 videlicet
2447 1219 2858 1312 Nobilibus
2877 1222 2996 1312 de
3024 1222 3528 1330 ‘Fosdenovo,
3569 1225 3813 1315 Pucio
3852 1241 3935 1315 et
3974 1227 4404 1317 Francisco

1444 1368 1550 1455 de
1596 1368 1670 1454 la
1729 1366 2107 1470 Muscha,
2166 1365 2375 1454 Filiis
2424 1364 2835 1489 quondam
2894 1366 3113 1486 Facij
3177 1366 3284 1456 de
3336 1366 3768 1455 Falcinello
3814 1383 3895 1457 et
3940 1367 4403 1458 hominibus

1446 1531 1876 1617 terrarum,
1918 1524 2000 1599 et
2047 1512 2518 1598 Castrorum
2577 1518 2910 1633 Lunen.¹
2966 1508 3375 1617 Ecclesiae,
3444 1526 3525 1598 et
3586 1511 4235 1603 Comunitatibus
4302 1509 4408 1600 ad

1442 1658 1709 1781 ipsum
1760 1653 2194 1744 Dominum
2241 1653 2761 1783 Episcopum,
2822 1670 2904 1741 et
2953 1660 3266 1744 Lunen.
3331 1652 3776 1743 Ecclesiam
3819 1653 4407 1778 pertinentibus

1444 1800 1895 1888 comuniter
1954 1794 2080 1884 vel
2129 1793 2503 1918 privatim
2546 1792 2928 1900 reddidit,
2977 1810 3060 1882 et
3111 1791 3294 1883 fecit
3342 1801 3612 1885 Danu
3669 1799 4024 1886 Arnonm
4067 1796 4175 1886 de
4226 1800 4285 1882 F
4290 1796 4406 1884 lo—

1448 1941 1705 2030 rentia
1767 1936 2277 2029 Procuratori
2325 1939 2426 2023 D.
2480 1934 3019 2025 Francischini
3084 1937 3568 2027 Marchionis
3616 1939 3809 2028 Mal.
3861 1938 4235 2063 praedicti
4295 1940 4400 2028 ad

1445 2081 1953 2205 infrascripta
2023 2077 2475 2203 specialiter
2519 2077 2992 2184 constitut0,
3062 2095 3302 2203 prout
3345 2096 3653 2170 constat
3720 2081 4046 2203 publico
4113 2081 4411 2170 instru-

1445 2240 1719 2312 mento
1768 2222 2068 2344 scripto
2115 2254 2361 2311 manu
2412 2221 2735 2310 Joannis
2768 2223 3131 2312 Parentis
3173 2229 3349 2312 Not.
3385 2222 3868 2348 infrascripti
3910 2224 4016 2314 de
4061 2229 4409 2311 Sarzana

1449 2368 1524 2452 in
1557 2364 1929 2487 praesenti
1963 2364 2412 2473 millesimo,
2441 2364 2919 2473 Indictione,
2962 2383 3044 2454 et
3086 2366 3245 2473 die,
3276 2367 3357 2455 in
3398 2366 3599 2456 hora
3641 2366 3933 2489 prima,
3963 2367 4414 2492 Recipienti

1449 2510 2017 2597 Procuratorio
2057 2508 2382 2597 nomine
2431 2540 2582 2632 pro
2630 2508 3190 2632 ipsoDomino
3231 2508 3841 2616 Francischino,
3883 2524 3964 2598 et
4002 2507 4223 2599 dicto
4264 2540 4413 2597 no-

1444 2654 1659 2741 mine
1719 2653 1825 2741 de
1874 2652 2121 2773 ipsius
2174 2650 2494 2740 Domini
2563 2647 3107 2741 Francischini
3169 2650 3495 2776 speciali
3559 2650 3954 2740 mandato
4012 2681 4165 2772 pro
4230 2654 4399 2737 Do·-

1444 2796 1663 2884 mino
1737 2796 2202 2887 Conradino
2258 2793 2421 2882 filio
2481 2799 2575 2902 Q.
2639 2797 2963 2884 Domini
3026 2794 3420 2919 Oppecini
3492 2793 3938 2882 Marchion.
3991 2792 4186 2881 Mal.
4255 2824 4404 2913 pro

1442 2972 1603 3062 quo
1653 2940 1995 3028 Domino
2064 2937 2526 3026 Conradino
2603 2937 2869 3028 dictus
2929 2942 3214 3028 Damna
3284 2942 3772 3027 Procurator
3842 2938 4406 3029 Procuratorio

1441 3082 1757 3170 nominc
1826 3081 2019 3169 dicti
2090 3081 2415 3169 Domini
2476 3086 2535 3169 F
2539 3080 3019 3170 rancischini
3090 3079 3453 3202 promisit
3500 3080 3721 3203 quod
3778 3080 4049 3170 omnia
4108 3110 4403 3202 supra·-

1443 3223 1735 3343 scripta
1806 3237 1888 3310 et
1954 3219 2461 3344 infrascripta
2528 3256 2844 3345 pro...
2913 3220 2993 3297 (¹)
3041 3220 3426 3312 fratribus
3514 3221 3674 3312 suis
3743 3219 3951 3311 infra
4030 3228 4185 3310 XV
4232 3220 4406 3309 dies

1444 3398 1489 3452 a
1536 3364 2075 3453 celebratione
2136 3365 2533 3489 presentis
2595 3382 3056 3455 contractus
3119 3363 3577 3472 ratificabit,
3626 3380 3709 3454 et
3759 3362 4274 3488 approbabit,
4324 3379 4405 3452 et
4451 3477 4459 3483 ἱ

1450 3509 1686 3596 firma
1727 3523 1808 3594 et
1860 3523 2036 3595 rata
2099 3508 2459 3616 habebit,
2510 3508 2839 3616 tenebit,
2889 3526 2971 3597 et
3018 3507 3505 3613 observabit,
3552 3523 3634 3595 et
3681 3537 3834 3630 pro
3884 3507 4080 3628 ipsis
4141 3510 4408 3596 omni·
4503 3559 4519 3580 ·

1447 3648 1599 3738 bus
1672 3646 2210 3755 attendendiS,
2259 3665 2339 3738 et
2412 3649 2940 3768 observandis
2983 3650 3430 3772 promittet,
3499 3663 3582 3737 et
3641 3678 3730 3737 se
3791 3645 4211 3769 obligabit,
4262 3681 4411 3771 per
4561 3695 4568 3699 ·

1454 3788 1786 3877 modum
1815 3791 2280 3911 legitimum,
2312 3808 2393 3880 et
2436 3792 2640 3881 sicut
2679 3791 2854 3915 ipse
2894 3791 3281 3880 Dominus
3311 3791 3759 3914 Episcopus
3788 3821 3940 3913 pro
3989 3820 4137 3880 sua
4177 3807 4411 3911 parte

1457 3937 1540 4023 in
1603 3936 1953 4057 presenti
2025 3954 2446 4028 contractu
2519 3937 2940 4061 promittit,
3012 3952 3094 4026 et
3152 3967 3241 4026 se
3301 3935 3630 4058 obligat.
3695 3940 3797 4024 Et
3855 3966 4007 4058 pro
4066 3937 4413 4025 Domino

1452 4079 1885 4167 Morroello
1963 4079 2434 4169 Marchione
2511 4083 2700 4172 Mal.
2775 4080 3005 4205 pred.
3096 4112 3245 4202 pro
3317 4110 3478 4202 quo
3552 4078 3767 4168 idem
3840 4082 4126 4168 Danu:
4196 4077 4413 4166 dicto

1454 4220 2012 4309 Procuratorio
2087 4222 2422 4350 Nomine
2496 4225 2818 4314 Domini
2874 4222 3411 4312 Francischini
3491 4220 3897 4343 promisit,
3962 4220 4182 4342 quod
4238 4220 4411 4341 ipse

1334 4413 1337 4414 f
1455 4363 1843 4453 Dominus
1899 4365 2508 4455 Francischinus
2555 4366 2879 4456 inducet
2941 4367 3007 4455 si
3047 4369 3338 4488 poterit
3382 4367 3644 4489 ipsum
3689 4364 4123 4454 Dominum
4183 4369 4415 4451 Mor-

1460 4507 1797 4597 roellum
1849 4507 1955 4597 ad
1998 4508 2264 4598 omnia
2307 4508 2766 4631 supradicta
2811 4525 2894 4597 et
2933 4507 3439 4631 infrascripta
3476 4505 3985 4613 ratificanda,
4047 4523 4129 4595 et
4177 4503 4415 4594 firma

1461 4653 1810 4741 tenenda
1851 4670 1940 4743 ut
1978 4670 2061 4742 et
2101 4685 2373 4776 supra,
2423 4668 2504 4742 et
2546 4650 2756 4744 infra
2805 4656 3221 4777 promittet
3281 4670 3365 4743 et
3434 4683 3522 4741 se
3582 4649 3967 4774 obligabit
4031 4649 4414 4738 Dominus

1457 4799 1897 4918 Episcopus
1960 4798 2406 4887 antedictus
2466 4796 2881 4919 recipienti
2943 4798 3187 4886 etiam
3264 4826 3415 4918 pro
3489 4794 3864 4886 omnibus
3934 4810 4017 4883 et
4087 4791 4414 4915 singulis

1467 4937 1919 5027 hominibus
1976 4956 2380 5028 terrarum
2450 4940 2808 5062 ipsorum
2855 4940 3391 5029 Dominorum
3459 4939 4052 5045 Marchionum,
4130 4954 4212 5027 et
4286 4951 4414 5024 se-

1470 5088 1850 5198 quacium
1897 5082 2372 5174 eorumdem
2391 5153 2411 5187 ,
2463 5081 2833 5172 videlicet
2893 5098 3121 5207 parte
3190 5081 3551 5205 ipsorum
3599 5081 4127 5172 Dominorum
4183 5083 4411 5168 Mar·—

1471 5220 1848 5313 chionum
1892 5225 1998 5314 de
2058 5233 2432 5332 Sarzana,
2481 5240 2566 5314 et
2625 5228 2910 5316 Castro
2957 5233 3362 5332 Sarzanae,
3407 5228 3769 5317 Comune
3827 5242 3913 5316 et
3952 5219 4412 5314 hominibus

1693 5528 1781 5603 (¹1)
1822 5535 2011 5591 Unum
2053 5535 2151 5592 aut
2193 5529 2306 5590 duo
2346 5501 2519 5592 rerba
2559 5531 2790 5593 desunt.
